<?xml version="1.0" encoding="UTF-8"?><collection xmlns="http://www.loc.gov/MARC21/slim"><record><leader>00323nam--2200121-i-4500</leader><controlfield tag="001">000015101</controlfield><controlfield tag="002">20161230</controlfield><controlfield tag="005">20161230201031</controlfield><controlfield tag="008">060222s1000------------r-----000-0-eng-d</controlfield><datafield ind1=" " ind2=" " tag="080"><subfield code="a">612.481</subfield></datafield><datafield ind1=" " ind2=" " tag="245"><subfield code="a">Catlogue des appareils speciaux employes en ra diologie</subfield></datafield><datafield ind1=" " ind2=" " tag="260"><subfield code="a">Paris, Radiguet And Massiot, 1911. 68 P</subfield></datafield><datafield ind1=" " ind2=" " tag="852"><subfield code="a">76463</subfield></datafield></record></collection>